@inproceedings{CorlessJK97,
  author    = {Robert M. Corless and
               David J. Jeffrey and
               Donald E. Knuth},
  title     = {A Sequence of Series for the Lambert {W} Function},
  booktitle = {International Symposium on Symbolic and Algebraic
               Computation, {ISSAC} '97, Maui, Hawaii, USA, July 21--23, 1997},
  pages     = {197--204},
  year      = {1997},
}

@article{NewmanT42,
  author    = {M. H. A. Newman and
               Alan M. Turing},
  title     = {A Formal Theorem in Church's Theory of Types},
  journal   = {J. Symb. Log.},
  volume    = {7},
  number    = {1},
  pages     = {28--33},
  year      = {1942},
  doi       = {10.2307/2267552},
}

@phdthesis{Turing38,
  author    = {Alan M. Turing},
  title     = {Systems of Logic Based on Ordinals},
  school    = {Princeton University, NJ, {USA}},
  year      = {1938},
  doi       = {10.1112/plms/s2-45.1.161},
}